@INPROCEEDINGS{Guo_Jinxin_2019,
  author={Guo, Jinxin and Ren, Huazhong and Zheng, Yitong and Nie, Jing and Chen, Shanshan and Sun, Yuanheng and Qin, Qiming},
  booktitle={IGARSS 2019 - 2019 IEEE International Geoscience and Remote Sensing Symposium}, 
  title={Identify Urban Area From Remote Sensing Image Using Deep Learning Method}, 
  year={2019},
  volume={},
  number={},
  pages={7407-7410},
  doi={10.1109/IGARSS.2019.8898874}
},
@Article{Lin_Li_2021,
	AUTHOR = {Lin, Li and Di, Liping and Zhang, Chen and Guo, Liying and Di, Yahui},
	TITLE = {Remote Sensing of Urban Poverty and Gentrification},
	JOURNAL = {Remote Sensing},
	VOLUME = {13},
	YEAR = {2021},
	NUMBER = {20},
	ARTICLE-NUMBER = {4022},
	URL = {https://www.mdpi.com/2072-4292/13/20/4022},
	ISSN = {2072-4292},
	DOI = {10.3390/rs13204022}
},
@Article{Georgano_Stefanos_2021,
	AUTHOR = {Georganos, Stefanos and Abascal, Angela and Kuffer, Monika and Wang, Jiong and Owusu, Maxwell and Wolff, Eléonore and Vanhuysse, Sabine},
	TITLE = {Is It All the Same? Mapping and Characterizing Deprived Urban Areas Using WorldView-3 Superspectral Imagery. A Case Study in Nairobi, Kenya},
	JOURNAL = {Remote Sensing},
	VOLUME = {13},
	YEAR = {2021},
	NUMBER = {24},
	ARTICLE-NUMBER = {4986},
	URL = {https://www.mdpi.com/2072-4292/13/24/4986},
	ISSN = {2072-4292},
	DOI = {10.3390/rs13244986}
},
@Article{Merodio_Paloma_2021,
	AUTHOR = {Merodio Gómez, Paloma and Juarez Carrillo, Olivia Jimena and Kuffer, Monika and Thomson, Dana R. and Olarte Quiroz, Jose Luis and Villaseñor García, Elio and Vanhuysse, Sabine and Abascal, Ángela and Oluoch, Isaac and Nagenborg, Michael and Persello, Claudio and Brito, Patricia Lustosa},
	TITLE = {Earth Observations and Statistics: Unlocking Sociodemographic Knowledge through the Power of Satellite Images},
	JOURNAL = {Sustainability},
	VOLUME = {13},
	YEAR = {2021},
	NUMBER = {22},
	ARTICLE-NUMBER = {12640},
	URL = {https://www.mdpi.com/2071-1050/13/22/12640},
	ISSN = {2071-1050},
	DOI = {10.3390/su132212640}
},
@Article{Shi_Wenzhong_2020,
	AUTHOR = {Shi, Wenzhong and Zhang, Min and Zhang, Rui and Chen, Shanxiong and Zhan, Zhao},
	TITLE = {Change Detection Based on Artificial Intelligence: State-of-the-Art and Challenges},
	JOURNAL = {Remote Sensing},
	VOLUME = {12},
	YEAR = {2020},
	NUMBER = {10},
	ARTICLE-NUMBER = {1688},
	URL = {https://www.mdpi.com/2072-4292/12/10/1688},
	ISSN = {2072-4292},
	DOI = {10.3390/rs12101688}
}